% The library file for the lab report template v.1. This file should be saved as a .bib file so it is in the right format for the original document to read it.

% Below are several examples of different types of references. LaTeX will take the information provided in this file and organise it into the house referencing style.

% For books:

@book{Morin2008,
author = {Morin, D},
title = {{Introduction to Classical Mechanics: With Problems and Solutions}},
pages = {690},
publisher = {Cambridge University Press},
edition = {Second},
year = {2008}
}

% For articles:

@ARTICLE{Einstein1905,
   author = {{Einstein}, A.},
    title = "{Zur Elektrodynamik bewegter K{\"o}rper}",
  journal = {Annalen der Physik},
     year = 1905,
   volume = 322,
    pages = {891-921},
   adsurl = {http://adsabs.harvard.edu/abs/1905AnP...322..891E},
  adsnote = {Provided by the SAO/NASA Astrophysics Data System}
}
% The ADS website can find almost any article ever published in physics and 
% astronomy, and can deliver you a complete .bib file entry for each, like
% this one.

% For webpages:
